@manual{osgi,
  author = {OSGi Alliance},
  note = {URL: \url{http://www.osgi.org/wiki/uploads/Links/OSGiTechnicalWhitePaper.pdf}, accessed 25.11.2014}
}

@manual {senml,
  author = IETF,
  note = {URL: \url{http://wiki.1248.io/doku.php?id=senml}, accessed 25.11.2014},
}

@manual{insteon,
  author = {Darbee, P},
  year = 2005,
  month = nov,
  note = {URL: \url{http://www.insteon.com/pdf/Insteondetails.pdf}, accessed 25.11.2014},
}

@manual{zigbee,
  author = {ZigBee Alliance},
  note = {URL: \url{https://docs.zigbee.org/zigbee-docs/dcn/09/docs-09-5262-01-0rsc-zigbee-rf4ce-specification-public.pdf}, accessed 25.11.2014},
}

@article{comparison-of-technologies,
  author    = {Carles Gomez and
               Josep Paradells},
  title     = {Wireless home automation networks: {A} survey of architectures and
               technologies},
  journal   = {{IEEE} Communications Magazine},
  volume    = {48},
  number    = {6},
  pages     = {92--101},
  year      = {2010},
  url       = {http://dx.doi.org/10.1109/MCOM.2010.5473869},
  doi       = {10.1109/MCOM.2010.5473869},
  timestamp = {Wed, 22 Feb 2012 18:20:14 +0100},
  biburl    = {http://dblp.uni-trier.de/rec/bib/journals/cm/GomezP10},
  bibsource = {dblp computer science bibliography, http://dblp.org}
}


@manual{z-wave,
  author = {ITU},
  note = {URL: \url{http://www.itu.int/rec/T-REC-G.9959-201202-I/en}, accessed 25.11.2014}
}
